@phdthesis{Basch:1999:KDS:930212,
 author = {Basch, Julien},
 advisor = {Guibas, Leonidas J.},
 title = {Kinetic Data Structures},
 year = {1999},
 isbn = {0-599-45290-0},
 note = {AAI9943622},
 publisher = {Stanford University},
 address = {Stanford, CA, USA},
} 

@inproceedings{Guibas:1998:KDS:298960.299007,
 author = {Guibas, Leonidas J.},
 title = {Kinetic Data Structures: A State of the Art Report},
 booktitle = {Proceedings of the Third Workshop on the Algorithmic Foundations of Robotics on Robotics : The Algorithmic Perspective: The Algorithmic Perspective},
 series = {WAFR '98},
 year = {1998},
 isbn = {1-56881-081-4},
 location = {Houston, Texas, USA},
 pages = {191--209},
 numpages = {19},
 url = {http://dl.acm.org/citation.cfm?id=298960.299007},
 acmid = {299007},
 publisher = {A. K. Peters, Ltd.},
 address = {Natick, MA, USA},
} 

@book{Mehta:2004:HDS:1044879,
 author = {Mehta, Dinesh P. and Sahni, Sartaj},
 title = {Handbook Of Data Structures And Applications (Chapman \& Hall/Crc Computer and Information Science Series.)},
 year = {2004},
 isbn = {1584884355},
 publisher = {Chapman \& Hall/CRC},
} 

